@misc{spark-bigquery-connector,
  author = {Google},
  title = {{Use the BigQuery connector with Spark}},
  howpublished = "\url{https://cloud.google.com/dataproc/docs/tutorials/bigquery-connector-spark-example}",
  year = {2022},
  note = "[Online; accessed 3-August-2022]"
}

@misc{sparknlp,
  author = {John Snow Labs},
  title = {{Spark NLP: State of the Art Natural Language Processing}},
  howpublished = "\url{https://nlp.johnsnowlabs.com}",
  year = {2022},
  note = "[Online; accessed 3-August-2022]"
}

@misc{document-assembler,
  author = {John Snow Labs},
  title = {{DocumentAssembler}},
  howpublished = "\url{https://nlp.johnsnowlabs.com/api/com/johnsnowlabs/nlp/DocumentAssembler}",
  year = {2022},
  note = "[Online; accessed 3-August-2022]"
}

@misc{universal-sentence-encoder,
  author = {Tensorflow},
  title = {{Universal Sentence Encoder}},
  howpublished = "\url{https://www.tensorflow.org/hub/tutorials/semantic_similarity_with_tf_hub_universal_encoder?hl=en}",
  year = {2022},
  note = "[Online; accessed 3-August-2022]"
}

@misc{classifier-dl-model,
  author = {John Snow Labs},
  title = {{ClassifierDLModel}},
  howpublished = "\url{https://nlp.johnsnowlabs.com/api/com/johnsnowlabs/nlp/annotators/classifier/dl/ClassifierDLModel.html}",
  year = {2022},
  note = "[Online; accessed 3-August-2022]"
}

@INPROCEEDINGS{Ester96adensity-based,
    author = {Martin Ester and Hans-Peter Kriegel and JÃ¶rg Sander and Xiaowei Xu},
    title = {A density-based algorithm for discovering clusters in large spatial databases with noise},
    booktitle = {},
    year = {1996},
    pages = {226--231},
    publisher = {AAAI Press}
}
